@misc{a1,
author = {Wikipedia},
title = {Battleship (game)},
howpublished = {\url{https://en.wikipedia.org/wiki/Battleship_(game)}},
month = {},
year = {},
note = {(Accessed on 07/01/2021)}
}e = {(Accessed on 06/30/2021)}
}


@misc{a2,
author = {Gather Together Games},
title = {How To Play Battleship - YouTube},
howpublished = {\url{https://www.youtube.com/watch?v=4gHJlYLomrs}},
month = {},
year = {2019},
note = {(Accessed on 04/30/2021)}
}

@misc{a3,
author = {},
title = {Miro | Online Whiteboard for Visual Collaboration},
howpublished = {\url{https://miro.com/app/dashboard/}},
month = {},
year = {},
note = {(Accessed on 05/04/2021)}
}


@misc{a4,
author = {Lucidchart},
title = {Intelligent Diagramming},
howpublished = {\url{https://www.lucidchart.com/pages/}},
month = {},
year = {},
note = {(Accessed on 05/05/2021)}
}